<collection xmlns="http://www.loc.gov/MARC21/slim">
<record>
  <leader>01255nam0a22002531i 450 </leader>
  <controlfield tag="001">IT\ICCU\CNCE\049861</controlfield>
  <controlfield tag="005">20160301000000.0</controlfield>
  <datafield tag="012" ind1=" " ind2=" ">
    <subfield code="a">alno i-le iai: disi (C) 1590 (Q)</subfield>
    <subfield code="2">fei</subfield>
  </datafield>
  <datafield tag="100" ind1=" " ind2=" ">
    <subfield code="a">19991130f1590        0itac0103    ba</subfield>
  </datafield>
  <datafield tag="101" ind1=" " ind2=" ">
    <subfield code="a">ITA</subfield>
  </datafield>
  <datafield tag="102" ind1=" " ind2=" ">
    <subfield code="a">IT</subfield>
  </datafield>
  <datafield tag="200" ind1="1" ind2=" ">
    <subfield code="a">Canzonamento de Ghironda, recitato al cl.mo sig. Dardi Bembo ... l&apos; anno MDCX \i.e. MDXC!. Nel Carneuale da m. Gio. Battista Rado pittore. Al ... sig. Aluise Lancenigo ... Bonifacio Zanetti</subfield>
  </datafield>
  <datafield tag="210" ind1=" " ind2=" ">
    <subfield code="a">In Treuigi</subfield>
    <subfield code="c">presso Angelo Mazzolini</subfield>
    <subfield code="d">1610 \i.e. non dopo il 1590!</subfield>
  </datafield>
  <datafield tag="215" ind1=" " ind2=" ">
    <subfield code="a">\4! c.</subfield>
    <subfield code="c">ill.</subfield>
    <subfield code="d">4ʻ</subfield>
  </datafield>
  <datafield tag="300" ind1=" " ind2=" ">
    <subfield code="a">L&apos;autore si ricava dalla dedica. - La data  ̈ricavata: Angelo Mazzolini  ̈morto nel 1590</subfield>
  </datafield>
  <datafield tag="620" ind1=" " ind2=" ">
    <subfield code="a">IT</subfield>
    <subfield code="d">Treviso</subfield>
  </datafield>
  <datafield tag="700" ind1=" " ind2="1">
    <subfield code="a">Burchelati,</subfield>
    <subfield code="b">Bartolomeo</subfield>
    <subfield code="3">IT\ICCU\CNCA\002133</subfield>
  </datafield>
  <datafield tag="712" ind1="0" ind2="0">
    <subfield code="a">Mazzolini, Angelo</subfield>
    <subfield code="3">IT\ICCU\CNCT\000961</subfield>
    <subfield code="4">650</subfield>
  </datafield>
  <datafield tag="790" ind1=" " ind2="0">
    <subfield code="a">Discreto Accademico Cospirante</subfield>
    <subfield code="3">IT\ICCU\CNCA\015362</subfield>
    <subfield code="z">Burchelati, Bartolomeo</subfield>
  </datafield>
  <datafield tag="791" ind1="0" ind2="0">
    <subfield code="a">Mazzolinus, Angelus</subfield>
    <subfield code="3">IT\ICCU\CNCT\005147</subfield>
    <subfield code="z">Mazzolini, Angelo</subfield>
  </datafield>
  <datafield tag="801" ind1=" " ind2="3">
    <subfield code="a">IT</subfield>
    <subfield code="b">ICCU</subfield>
    <subfield code="c">20201115</subfield>
  </datafield>
  <datafield tag="899" ind1=" " ind2=" ">
    <subfield code="a">Biblioteca nazionale Marciana. Venezia</subfield>
    <subfield code="1">VE0049</subfield>
    <subfield code="2">VEA BM</subfield>
  </datafield>
  <datafield tag="911" ind1=" " ind2=" ">
    <subfield code="a">Sul front.</subfield>
    <subfield code="9">IT\ICCU\CNCM\001992</subfield>
  </datafield>
  <datafield tag="921" ind1=" " ind2=" ">
    <subfield code="a">IT\ICCU\CNCM\001992</subfield>
    <subfield code="b">Tre gigli in un&apos;anfora sorretta da due putti alati. Iniziale F.</subfield>
    <subfield code="c">V244</subfield>
    <subfield code="f">GIGLI</subfield>
    <subfield code="g">1589-1590</subfield>
  </datafield>
</record>
</collection>
